@book{hastie01statisticallearning,
  added-at = {2008-05-16T16:17:42.000+0200},
  address = {New York, NY, USA},
  author = {Hastie, Trevor and Tibshirani, Robert and Friedman, Jerome},
  biburl = {https://www.bibsonomy.org/bibtex/2f58afc5c9793fcc8ad8389824e57984c/sb3000},
  interhash = {d585aea274f2b9b228fc1629bc273644},
  intrahash = {f58afc5c9793fcc8ad8389824e57984c},
  keywords = {ml statistics},
  publisher = {Springer New York Inc.},
  series = {Springer Series in Statistics},
  timestamp = {2008-05-16T16:17:43.000+0200},
  title = {The Elements of Statistical Learning},
  year = 2001
}
@book{faul2016concise,
  title={A Concise Introduction to Numerical Analysis},
  author={Faul, A.C.},
  isbn={9781498712194},
  url={https://books.google.no/books?id=hA3YCwAAQBAJ},
  year={2016},
  publisher={CRC Press}
}
@book{murphy2013machine,
  added-at = {2017-02-27T11:22:42.000+0100},
  address = {Cambridge, Mass. [u.a.]},
  author = {Murphy, Kevin P.},
  biburl = {https://www.bibsonomy.org/bibtex/270148d65a6a66e0ae962bf22c5f66148/hotho},
  description = {Machine Learning: A Probabilistic Perspective (Adaptive Computation and Machine Learning series): Kevin P. Murphy: 9780262018029: Amazon.com: Books},
  interhash = {e99d8a06cc36507b05c38192ab80573e},
  intrahash = {70148d65a6a66e0ae962bf22c5f66148},
  isbn = {9780262018029 0262018020},
  keywords = {hmm lda learning machine statistics},
  publisher = {MIT Press},
  refid = {904442949},
  timestamp = {2017-02-27T11:22:42.000+0100},
  title = {Machine learning : a probabilistic perspective},
  url = {https://www.amazon.com/Machine-Learning-Probabilistic-Perspective-Computation/dp/0262018020/ref=sr_1_2?ie=UTF8&qid=1336857747&sr=8-2},
  year = 2013
}
@misc{Ridge_Lecture_Notes,
Author = {Wessel N. van Wieringen},
Title = {Lecture notes on ridge regression},
Year = {2015},
Eprint = {arXiv:1509.09169},
}