@book{hastie01statisticallearning,
  added-at = {2008-05-16T16:17:42.000+0200},
  address = {New York, NY, USA},
  author = {Hastie, Trevor and Tibshirani, Robert and Friedman, Jerome},
  biburl = {https://www.bibsonomy.org/bibtex/2f58afc5c9793fcc8ad8389824e57984c/sb3000},
  interhash = {d585aea274f2b9b228fc1629bc273644},
  intrahash = {f58afc5c9793fcc8ad8389824e57984c},
  keywords = {ml statistics},
  publisher = {Springer New York Inc.},
  series = {Springer Series in Statistics},
  timestamp = {2008-05-16T16:17:43.000+0200},
  title = {The Elements of Statistical Learning},
  year = 2001
}
@book{faul2016concise,
  title={A Concise Introduction to Numerical Analysis},
  author={Faul, A.C.},
  isbn={9781498712194},
  url={https://books.google.no/books?id=hA3YCwAAQBAJ},
  year={2016},
  publisher={CRC Press}
}
@article{Project1,
title={Project 1 in FYS-STK4155},
author={Kleven, A. and Schrader, S.},
year={2020}
}
@article{MortenLectureNotes,
title={Data Analysis and Machine Learning: Lecture Notes},
author={Morten Hjorth-Jensen},
year={2020}
}
@article{scikit-learn,
 title={Scikit-learn: Machine Learning in {P}ython},
 author={Pedregosa, F. and Varoquaux, G. and Gramfort, A. and Michel, V.
         and Thirion, B. and Grisel, O. and Blondel, M. and Prettenhofer, P.
         and Weiss, R. and Dubourg, V. and Vanderplas, J. and Passos, A. and
         Cournapeau, D. and Brucher, M. and Perrot, M. and Duchesnay, E.},
 journal={Journal of Machine Learning Research},
 volume={12},
 pages={2825--2830},
 year={2011}
}
@book{handsOnMachineLearning,
author = {Geron, Aurelien},
title = {Hands-On Machine Learning with Scikit-Learn and TensorFlow: Concepts, Tools, and Techniques to Build Intelligent Systems},
year = {2017},
isbn = {1491962291},
publisher = {O'Reilly Media, Inc.},
edition = {1st}
}
@article{lecun2010mnist,
  title={MNIST handwritten digit database},
  author={LeCun, Yann and Cortes, Corinna and Burges, CJ},
  journal={ATT Labs [Online]. Available: http://yann.lecun.com/exdb/mnist},
  volume={2},
  year={2010}
}
@inproceedings{surpremeRELU,
    author = {Andrew L. Maas and Awni Y. Hannun and Andrew Y. Ng},
    title = {Rectifier nonlinearities improve neural network acoustic models},
    booktitle = {in ICML Workshop on Deep Learning for Audio, Speech and Language Processing},
    year = {2013}}
@inproceedings{DelvingDeep,
author = {He, Kaiming and Zhang, Xiangyu and Ren, Shaoqing and Sun, Jian},
title = {Delving Deep into Rectifiers: Surpassing Human-Level Performance on ImageNet Classification},
year = {2015},
isbn = {9781467383912},
publisher = {IEEE Computer Society},
address = {USA},
url = {https://doi.org/10.1109/ICCV.2015.123},
doi = {10.1109/ICCV.2015.123},
booktitle = {Proceedings of the 2015 IEEE International Conference on Computer Vision (ICCV)},
pages = {1026â€“1034},
numpages = {9},
series = {ICCV '15}
}

  
@misc{tensorflow2015-whitepaper,
title={ {TensorFlow}: Large-Scale Machine Learning on Heterogeneous Systems},
url={https://www.tensorflow.org/},
note={Software available from tensorflow.org},
author={
    Mart\'{\i}n~Abadi and
    Ashish~Agarwal and
    Paul~Barham and
    Eugene~Brevdo and
    Zhifeng~Chen and
    Craig~Citro and
    Greg~S.~Corrado and
    Andy~Davis and
    Jeffrey~Dean and
    Matthieu~Devin and
    Sanjay~Ghemawat and
    Ian~Goodfellow and
    Andrew~Harp and
    Geoffrey~Irving and
    Michael~Isard and
    Yangqing Jia and
    Rafal~Jozefowicz and
    Lukasz~Kaiser and
    Manjunath~Kudlur and
    Josh~Levenberg and
    Dandelion~Man\'{e} and
    Rajat~Monga and
    Sherry~Moore and
    Derek~Murray and
    Chris~Olah and
    Mike~Schuster and
    Jonathon~Shlens and
    Benoit~Steiner and
    Ilya~Sutskever and
    Kunal~Talwar and
    Paul~Tucker and
    Vincent~Vanhoucke and
    Vijay~Vasudevan and
    Fernanda~Vi\'{e}gas and
    Oriol~Vinyals and
    Pete~Warden and
    Martin~Wattenberg and
    Martin~Wicke and
    Yuan~Yu and
    Xiaoqiang~Zheng},
  year={2015},
}
@ARTICLE{SciPy,
       author = {Virtanen, Pauli and Gommers, Ralf and Oliphant,
         Travis E. and Haberland, Matt and Reddy, Tyler and
         Cournapeau, David and Burovski, Evgeni and Peterson, Pearu
         and {Weckesser}, Warren and {Bright}, Jonathan and {van der Walt},
         Stefan J.  and {Brett}, Matthew and {Wilson}, Joshua and
         {Jarrod Millman}, K.  and {Mayorov}, Nikolay and {Nelson}, Andrew
         R.~J. and {Jones}, Eric and {Kern}, Robert and {Larson}, Eric and
         {Carey}, CJ and {Polat}, lhan and {Feng}, Yu and {Moore},
         Eric W. and {Vand erPlas}, Jake and {Laxalde}, Denis and
         {Perktold}, Josef and {Cimrman}, Robert and {Henriksen}, Ian and
         {Quintero}, E.~A. and {Harris}, Charles R and {Archibald}, Anne M.
         and {Ribeiro}, Antonio H. and {Pedregosa}, Fabian and
         {van Mulbregt}, Paul and {Contributors}, SciPy 1. 0},
        title = {SciPy 1.0: Fundamental Algorithms for Scientific Computing in Python},
      journal = {Nature Methods},
         year = {2020},
} 
@article{betterThanUs,
Author = {Dan Claudiu Ciresan and Ueli Meier and Luca Maria Gambardella and Juergen Schmidhuber},
Title = {Deep Big Simple Neural Nets Excel on Handwritten Digit Recognition},
Year = {2010},
Eprint = {arXiv:1003.0358},
Howpublished = {Neural Computation, Volume 22, Number 12, December 2010},
Doi = {10.1162/NECO_a_00052},
}
@article{Convolution,
  doi = {10.20535/1810-0546.2016.6.84115},
  url = {https://doi.org/10.20535/1810-0546.2016.6.84115},
  year = {2016},
  month = dec,
  publisher = {Kyiv Politechnic Institute},
  volume = {0},
  number = {6},
  pages = {29--34},
  author = {V.V. Romanuke},
  title = {Training Data Expansion and Boosting of Convolutional Neural Networks for Reducing the {MNIST} Dataset Error Rate},
  journal = {Research Bulletin of the National Technical University of Ukraine "Kyiv Polytechnic Institute"}
}